<?xml version="1.0" encoding="UTF-8"?><collection xmlns="http://www.loc.gov/MARC21/slim"><record><leader>00320nam--2200121-i-4500</leader><controlfield tag="001">000005914</controlfield><controlfield tag="002">20161230</controlfield><controlfield tag="005">20161230201026</controlfield><controlfield tag="008">060222s1000------------r-----000-0-eng-d</controlfield><datafield ind1=" " ind2=" " tag="245"><subfield code="a">The metal plutonium</subfield></datafield><datafield ind1=" " ind2=" " tag="260"><subfield code="a">Chicago, The University Of Chicago Press,1961</subfield></datafield><datafield ind1=" " ind2=" " tag="490"><subfield code="a">Xi + 446 P</subfield></datafield><datafield ind1=" " ind2=" " tag="700"><subfield code="a">Coffinberry, A.S., Miner, W.N</subfield></datafield></record></collection>